% This file was created with JabRef 2.10.
% Encoding: Cp1252


@Conference{peev,
  Title                    = {Peer \& Self Evaluations as Means to Improve the Assessment of Project Based Learning},
  Author                   = {Maartje E.D. van den Bogaard{,} Gillian N. Saunders-Smits},
  Booktitle                = {37th ASEE/IEEE Frontiers in Education Conference},
  Year                     = {2007},

  Owner                    = {Radu},
  Timestamp                = {2015.06.30}
}

@InCollection{scdef,
  Title                    = {Social Choice Theory},
  Author                   = {List{,} Christian},
  Booktitle                = {The Stanford Encyclopedia of Philosophy},
  Year                     = {2013},
  Editor                   = {Edward N. Zalta},

  Owner                    = {Radu},
  Timestamp                = {2015.06.30}
}

@Article{borda,
  Title                    = {The original Borda count and partial voting},
  Author                   = {Peter Emerson},
  Journal                  = {Social Choice and Welfare},
  Year                     = {2013},

  Owner                    = {Radu},
  Timestamp                = {2015.06.30}
}

@Article{kemeny,
  Title                    = {Mathematics without Numbers},
  Author                   = {John G. Kemeny},
  Journal                  = {Daedalus},
  Year                     = {1959},
  Pages                    = {pp. 577-591},

  Owner                    = {Radu},
  Timestamp                = {2015.06.30}
}

@InCollection{condorcet,
  Title                    = {Voting Methods},
  Author                   = {Pacuit, Eric},
  Booktitle                = {The Stanford Encyclopedia of Philosophy},
  Year                     = {2012},
  Edition                  = {Winter 2012},
  Editor                   = {Edward N. Zalta},

  HowPublished             = {\url{http://plato.stanford.edu/archives/win2012/entries/voting-methods/}}
}

@Article{defVariableSelection,
  Title                    = {Lecture 26: Variable Selection},
  Author                   = {Cosma Shalizi},
  Year                     = {Fall 2015},

  Owner                    = {Radu},
  Timestamp                = {2018.06.19}
}

@Conference{walsh,
  Title                    = {The PeerRank Method for Peer Assessment},
  Author                   = {Toby Walsh},
  Booktitle                = {Proceedings of ECAI-2014},
  Year                     = {2014},

  Owner                    = {Radu},
  Timestamp                = {2015.06.30}
}

@Standard{comparisonMultipleRegressionWithSimpleRegression,
  Note                     = {\url{https://statistics.laerd.com/spss-tutorials/multiple-regression-using-spss-statistics.php}},

  Owner                    = {Radu},
  Timestamp                = {2018.06.19}
}

@Standard{defMultipleRegression,
  Note                     = {\url{http://www.statisticssolutions.com/selection-process-for-multiple-regression/}},

  Owner                    = {Radu},
  Timestamp                = {2018.06.19}
}

@Standard{defVariableSelection,
  Note                     = {\url{http://www.stat.cmu.edu/~cshalizi/mreg/15/lectures/26/lecture-26.pdf}},

  Owner                    = {Radu},
  Timestamp                = {2018.06.19}
}

@Standard{tomcat,
  Note                     = {\url{http://tomcat.apache.org/}},

  Owner                    = {Radu},
  Timestamp                = {2015.06.30}
}

@Standard{wikiNormalDistr,
  Note                     = {\url{http://en.wikipedia.org/wiki/Normal_distribution}},

  Owner                    = {Radu},
  Timestamp                = {2015.06.30}
}

@Electronic{,
  Owner                    = {Radu},
  Timestamp                = {2018.06.19}
}

@Standard{AirbusDataSetChallenge,
	Note                     = {\url{https://www.kaggle.com/c/airbus-ship-detection}},
	
	Owner                    = {Radu},
	Timestamp                = {2019.01.15}
}

@Misc{emCiortuz,
	Title                    = {Bayesian Learning},
	Author                   = {Liviu Ciortuz},
	Year                     = {2019},
	Note				     = {\url{https://profs.info.uaic.ro/~ciortuz/SLIDES/ml6.pdf}},
	
	Owner                    = {Radu},
	Timestamp                = {2018.06.19}
}

@Article{ResNetPaper,
	Author    = {Kaiming He and	Xiangyu Zhang and Shaoqing Ren and Jian Sun},
	Title     = {Deep Residual Learning for Image Recognition},
	Journal   = {CoRR},
	Vlume    = {abs/1512.03385},
	Year      = {2015},
	Url       = {http://arxiv.org/abs/1512.03385}
}
